<record><leader>00000cas a22000007a 4500</leader><controlfield tag="001">10740034</controlfield><controlfield tag="008">840516d18671880scuwr ne      0    0eng d</controlfield><datafield ind1=" " ind2=" " tag="010"><subfield code="a">sn 84026911 </subfield></datafield><datafield ind1=" " ind2=" " tag="040"><subfield code="a">NPU</subfield><subfield code="b">eng</subfield><subfield code="c">NPU</subfield><subfield code="d">NPX</subfield><subfield code="d">SVN</subfield><subfield code="d">OCLCQ</subfield></datafield><datafield ind1=" " ind2=" " tag="042"><subfield code="a">msc</subfield></datafield><datafield ind1="0" ind2="4" tag="245"><subfield code="a">The Clarendon press.</subfield></datafield><datafield ind1=" " ind2=" " tag="260"><subfield code="a">Manning, S.C. :</subfield><subfield code="b">Lucas, David, and Lucas</subfield></datafield><datafield ind1=" " ind2=" " tag="300"><subfield code="a">v.</subfield></datafield><datafield ind1=" " ind2=" " tag="310"><subfield code="a">Weekly</subfield></datafield><datafield ind1="1" ind2=" " tag="362"><subfield code="a">Began in 1867; ceased in 1880?</subfield></datafield><datafield ind1=" " ind2=" " tag="500"><subfield code="a">Publishers: Lucas, David &amp; Lucas, &lt;1868&gt;; Melvin B. Lucas, &lt;1873&gt;.</subfield></datafield><datafield ind1=" " ind2=" " tag="588"><subfield code="a">Description based on: Vol. 2, no. 6 (May 28, 1868).</subfield></datafield><datafield ind1=" " ind2="4" tag="651"><subfield code="a">Clarendon County (S.C.)</subfield><subfield code="v">Newspapers.</subfield></datafield><datafield ind1=" " ind2=" " tag="752"><subfield code="a">United States</subfield><subfield code="b">South Carolina</subfield><subfield code="c">Clarendon</subfield><subfield code="d">Manning.</subfield></datafield><datafield ind1="0" ind2="0" tag="785"><subfield code="t">Clarendon enterprise</subfield><subfield code="w">(DLC)sn 93067696</subfield></datafield><datafield ind1="1" ind2=" " tag="029"><subfield code="a">AU@</subfield><subfield code="b">000024694140</subfield></datafield></record>